@misc{ wiki:mapReduce,
   author = {Wikipedia},
   title = {{MapReduce --- Wikipedia{,} Die freie Enzyklop"adie}},
   year = {2014},
   url = {http://de.wikipedia.org/w/index.php?title=MapReduce&oldid=127429207},
   urldate = {2014-05-18}
 }

@misc{ mueller:linAlg,
   author = {M"uller, Andreas},
   title = {{Skript zur Vorlesung Linearer Algebra an der HSR}},
   year = 2014,
   url = {https://github.com/AndreasFMueller/LinAlg},
   urldate = {2014-05-18}
 }

@misc{ apache:hadoop,
   author = {Apache},
   title = {{hadoop}},
   year = {2014},
   url = {http://hadoop.apache.org/},
   urldate = {2014-05-18}
 }

@misc{ uniLeipzig:mapReduce,
   author = {Findling, Thomas and K"onig, Thomas},
   title = {{MapReduce-Konzept}},
   year = {2010},
   url = {http://dbs.uni-leipzig.de/file/seminar_0910_findling_K%C3%B6nig.pdf},
   urldate = {2014-05-18}
 }