
@online{ofwiki,
	URL = {http://en.wikipedia.org},
	TITLE = {Wikipedia}
}

@online{of,
	URL = {http://www.openfoam.org},
	TITLE = {OpenFOAM Webseite}
}


