@book{watkins,
	author = {David S. Watkins},
	title = {Fundamentals of Matrix Computations},
	publisher = {Wiley},
	year = {2010},
}
