@book{skript:richardson,
	author = {Peter Lynch},
	title = {The Emergence of Numerical Weather Prediction: Richardson's dream},
	language = {english},
	year = {2006},
	publisher = {Cambridge University Press}
}
