@book{Watkins:FundamentalsOfMatrixComputations,
	AUTHOR = {David S. Watkins},
	TITLE = {Fundamentals of Matrix Computations},
	PUBLISHER = {WILEY},
	YEAR = {2010},
	NOTE = {Third Edition},
	pages = {554-559, 562-569, 573}
}

@online{SOR_Dorn,
	URL = {http://www.dorn.org/uni/sls/kap09/i05_03.htm},
	TITLE = {SOR-Verfahren ("Uberrelaxationsverfahren)},
	DAY = 14,
	MONTH = may,
	YEARR = 2014
}

@online{Vorkonditionierung_Dorn,
	URL = {http://www.dorn.org/uni/sls/kap09/i07_00.htm},
	TITLE = {Vorkonditionierung},
	DAY = 14,
	MONTH = may,
	YEARR = 2014
}

@online{wikiEn_SOR,
	title = {Wikipedia: Successive over-relaxation},
	URL = {http://en.wikipedia.org/wiki/Successive_over-relaxation},
	DAY = 12,
	MONTH = may,
	YEARR = 2014
}

@online{wikiDe_SOR,
	title = {Wikipedia: SOR-Verfahren},
	URL = {de.wikipedia.org/wiki/SOR-Verfahren},
	DAY = 12,
	MONTH = may,
	YEARR = 2014
}

@online{SSOR,
	URL = {http://www.ima.umn.edu/~trenev/old_files/m609/ssor_q.pdf},
	TITLE = {SSOR}
}

@online{AlexanderMarkowitschOstrowski,
	URL = {http://de.wikipedia.org/wiki/Alexander_Markowitsch_Ostrowski},
	TITLE = {Wikipedia: Alexander Markowitsch Ostrowski},
	DAY = 14,
	MONTH = may,
	YEARR = 2014
}

@online{WilliamKahan,
	URL = {http://en.wikipedia.org/wiki/William_Kahan},
	TITLE = {Wikipedia: William Kahan},
	DAY = 14,
	MONTH = may,
	YEARR = 2014
}
