
@url{wiki,
	title = {Wikipedia: Mandelbrot-Menge},
	URL = {http://de.wikipedia.org/wiki/Mandelbrot-Menge},
}

@url{wikiBild,
	title = {Wikipedia: Bild der Mandelbrot-Menge},
	URL = {http://de.wikipedia.org/wiki/Datei:Mandelbrot_Set_%E2%80%93_Periodicities_coloured.png},
}

@url{fraktal,
	title = {Worterkl"arung},
	URL = {http://www.awb1.ch/dat/f/fraktal.php},
}
		
@url{julia,
	title = {Julia-Mengen},
	URL = {http://www.mathematik.ch/anwendungenmath/fractal/julia/julia_php.php?gfx=0&n=100&cx=-0.7&cy=0.3},
}

@url{wikiQuaternionen,
	title = {Quaternionen},
	URL = {http://de.wikipedia.org/wiki/Quaternion},
}

