@book{julia:devaney,
	author = {Robert L. Devaney},
	title = {An Introduction to Chaotic Dynamical Systems},
	publisher = {The Benjamin Cummings Publishing Co},
	year = {1986},
	ISBN = {0-8053-1601-9},
}

@book{julia:falconer,
	author = {Kenneth Falconer},
	title = {Fractal Geometry},
	substitle = {Mathematical Foundations and Applications},
	publisher = {John Wiley \&\ Sons},
	year = {1990},
	ISBN = {0-471-92287-0},
}

@url{julia:lehmer,
	title = {Lehmer random number generator},
	URL = {http://en.wikipedia.org/wiki/Lehmer_random_number_generator},
}
