
@url{stoss:burgersgleichung,
	author = {Wikipedia},
	title = {Burgersgleichung – Wikipedia},
	url = {http://de.wikipedia.org/wiki/Burgersgleichung},
	urldate = {2014-05-26},
}

@url{stoss:erhaltungsgleichung,
	author = {{P. Birken}},
	title = {Theorie und Numerik von Erhaltungsgleichungen – Wikibooks, Sammlung freier Lehr-, Sach- und Fachb"ucher},
	url = {http://de.wikibooks.org/wiki/Theorie_und_Numerik_von_Erhaltungsgleichungen},
	urldate = {2014-05-26},
}

@url{stoss:sinusAnfang,
	author = {{Kimberly Strauch}},
	title = {burger1.png ({PNG-Grafik}, 1054 × 837 Pixel)},
	url = {http://blog.kleinproject.org/wp-content/uploads/2013/10/burger1.png},
	urldate = {2014-05-26},
}

@url{stoss:leMurDeSilence,
	author = {{Jean Pierre Petit}},
	title = {le\_mur\_du\_silence.pdf},
	url = {http://www.savoir-sans-frontieres.com/JPP/telechargeables/Francais/le_mur_du_silence.pdf},
	urldate = {2014-05-26},
}

@url{stoss:cfl,
	author = {Wikipedia},
	title = {{CFL-Zahl} – Wikipedia},
	url = {http://de.wikipedia.org/wiki/CFL-Zahl},
	urldate = {2014-05-27},
}

@url{ stoss:linAlg,
   author = {M"uller, Andreas},
   title = {{Skript zur Vorlesung Linearer Algebra an der HSR}},
   year = {2014},
   url = {https://github.com/AndreasFMueller/LinAlg},
   urldate = {2014-05-18},
 }

@url{ stoss:filter,
	author = {Schopf, Paul},
	title = {L03\_TimeStepping.pdf},
	year = {2008},
	url = {http://climate.gmu.edu/courses/clim715/L03_TimeStepping.pdf},
	urldate = {2014-05-29},
}	