
@url{kugel:wiki:grundlagen,
	author = {Wikipedia},
	title = {Kugelsternhaufen},
	url = {http://de.wikipedia.org/wiki/Kugelsternhaufen},
	urldate = {2014-05-30}
}

@url{kugel:titelbild,
	title = {Bild: Kugelsternhaufen NGC 6388},
	URL = {http://www.raumfahrer.net/news/astronomie/26122012215015.shtml},
	urldate = {2014-05-30}
}