
@url{wikiRadontransform,
	title = {Wikipedia: Radon transform},
	URL = {http://en.wikipedia.org/wiki/Radon_transform},
}
% cite in section Einleitung (out commented)

@url{computertomographBild,
	title = {Bild eines Computertomographen},
	URL = {http://www.digitaltrends.com/cool-tech/number-of-ct-scans-have-risen-330-percent-in-12-years/#!},
}
% cite in section Einleitung (out commented)